<?xml version="1.0" encoding="UTF-8"?><collection xmlns="http://www.loc.gov/MARC21/slim"><record><leader>00416nam--2200133-i-4500</leader><controlfield tag="001">000033833</controlfield><controlfield tag="002">20161230</controlfield><controlfield tag="005">20161230201039</controlfield><controlfield tag="008">060222s1000------------r-----000-0-eng-d</controlfield><datafield ind1=" " ind2=" " tag="080"><subfield code="a">539.172.3(047.1):539.2(047.1):681.3.06(047.1)</subfield></datafield><datafield ind1=" " ind2=" " tag="100"><subfield code="a">Morfeld, U</subfield></datafield><datafield ind1=" " ind2=" " tag="245"><subfield code="a">Fit-programm fur mossbauerspektren</subfield></datafield><datafield ind1=" " ind2=" " tag="260"><subfield code="a">Berlin-wannsee, Hahn-meitner-institut Fur Kernforschung Berlin Gmbh, 1974, 21p.+ 41p.Dif</subfield></datafield><datafield ind1=" " ind2=" " tag="852"><subfield code="a">14430</subfield></datafield></record></collection>